@inbook{russell_autobiography,
    author={Bertrand Russell},
    title={{The Autobiography of Bertrand Russell}},
    publisher={Routledge},
    year="2000",
    chapter="1",
    pages={30--31}
}

@article{cantor_set,
    author={Georg Cantor},
    title={{Beiträge zur Begründung der transfiniten Mengenlehre}},
    journal={Mathematischen Annalen},
    year="1895",
    volume="46",
    pages={481}
}

@misc{wiki_parallel_postulate,
    author = {{Dickdock}},
    title = {Parallel postulate},
    year = {2008},
    note = {[Online; accessed April 23, 2017]},
    howpublished="\url{https://upload.wikimedia.org/wikipedia/commons/thumb/e/ed/Parallel_postulate_en.svg/350px-Parallel_postulate_en.svg.png}"
}

